@misc{cons1857,
    author = {Constitución de 1857},
    title = {Constitución Federal de los Estados Unidos Mexicanos, Sancionada y jurada por el Congreso general constituyente el día cinco de febrero de 19857. En nombre de Dios y con la autoridad del pueblo mexicano},
    year = {1857},
    url = {http://www.ordenjuridico.gob.mx/Constitucion/1857.pdf}
}
