@book{reformadh,
    title = {La reforma constitucional de derechos humanos: un nuevo paradigma},
    booktitle = {La reforma constitucional de derechos humanos: un nuevo paradigma},
    year = {2011},
    editor = {Miguel Carbonell and Pedro Salazar},
    publisher = {Instituto de Investigaciones Jur\'idicas},
    series = {Doctrina Jur\'idica},
    number = {609},
    url = {https://biblio.juridicas.unam.mx/bjv/detalle-libro/3033-la-reforma-constitucional-de-derechos-humanos-un-nuevo-paradigma}
}

@inbook{internacional_dh,
    author = {Saltalamacchia, Natalia and Covarrubias, Ana},
    title = {La dimensi\'on internacional de la reforma de derechos humanos: antecedentes hist\'oricos},
    chapter = {1},
    pages = {1--38},
    crossref = "reformadh"
}

@inbook{tratados_dh,
    author = {{Jorge U.} Carmona},
    title = {La reforma y las normas de derechos humanos previstas en los tratados internacionales},
    chapter = {2},
    pages = {39--62},
    crossref = "reformadh"
}

@inbook{estado_dh,
    author = {Miguel Carbonell},
    title = {Las obligaciones del Estado en el art\'iculo 1o. de la Constituci\'on mexicana},
    chapter = {3},
    pages = {63--102},
    crossref = "reformadh"
}

@inbook{conforme_dh,
    author = {{Jos\'e L.} Caballero},
    title = {La cl\'ausula de interpretaci\'on conforme y el principio \textit{pro persona} (art\'iculo 1o., segundo p\'arrafo, de la Constituci\'on)},
    chapter = {3},
    pages = {63--102},
    crossref = "reformadh"
}
