@article{art:fuller,
    author = {David Kennedy},
    title = {Lon L. Fuller y el canon del pensamiento jurídico estadounidense},
    journaltitle = {Revista Internacional de Pensamiento Político},
    year = 2008,
    volume = 3,
    series = {I Época},
    pages = {165--180},
    shorttitle = {Lon L. Fuller},
    translator = {{de la Rasilla del Moral}, Ignacio},
    issn = {1885-589X},
    annote = {./1.4.Metodologia/0.Material/Lon Fuller.pdf}
}
