@legislation{constitucion,
    title = {Constitución Política de los Estados Unidos Mexicanos},
    shortitle = {CPEUM},
    journaltitle = {Diario Oficial de la Federación},
    shortjounal = {DOF},
    date = 1917,
    entrysubtype = {constitution}
}

@legislation{LFTR,
    title = {Ley Federal de Telecomunicaciones y Radiodifusión},
    shortitle = {LFTR},
    titleaddon = {Ley Federal de Telecomunicaciones y Radiodifusión},
    journaltitle = {Diario Oficial de la Federación},
    shortjounal = {DOF},
    date = {2014-07-14}
}
