@book{bernal:hist,
    title = {Historia del derecho},
    author = {{Bernal Gómez}, Beatriz},
    year = 2010,
    publisher = {Nostra Ediciones and Universidad Nacional Autónoma de México},
    series = {Cultura Jurídica},
    location = {México},
    edition = 1,
    editor = {Instituto de Investigaciones Jurídicas},
    isbn = {978-607-7603-54-2}
}
