
@InReference{ency:britannica,
  title = 	 {Encyclopaedia Britannica},
  keywords = {original},
  url = 	 {https://www.britannica.com/}
}

@InReference{ency:uncertainty,
    lista = {Uncertainty principle},
    crossref = {ency:britannica},
    urldate = {2020-02-26}
}

@InReference{ency:quantcom,
    lista = {Quantum computer},
    crossref = {ency:britannica},
    urldate = {2020-02-26}
}

@Misc{cv:efg,
  author = {{FECYT}},
  title = {Eusebio Fernández García},
  note = {Currículum Vítae Normalizado},
  url = {http://www.derechoyjusticia.net/wp-content/uploads/2019/12/CV-Eusebio_4-12-2019.pdf},
  date = {2019-12-04},
  urldate = {2020-02-26}
}
