@Article{prensa:escamilla,
    author = {{BBC News}},
    title = {Feminicidio de Ingrid Escamilla: la indignación en México por el
            brutal asesinato de la joven y la difusión de las fotos de su
            cadáver},
    shorttitle = {Feminicidio de Ingrid},
    journaltitle = {BBC News Mundo},
    date = {2020-02-11},
    url = {https://www.bbc.com/mundo/noticias-america-latina-51469528},
    urldate = {2020-02-24},
    entrysubtype = {magazine}
}

@Online{prensa:etica,
    author = {{Ethical Journalism Network}},
    shortauthor = {{ETJ}},
    title = {The 5 principles of ethical journalism},
    organization = {{Ethical Journalism Network}},
    url = {https://ethicaljournalismnetwork.org/who-we-are/5-principles-of-journalism},
    urldate = {2020-02-24},
    shorttitle = {Periodismo ético}
}

@Online{prensa:efg,
    author = {{Universidad Carlos III de Madrid}},
    shortauthor = {{UC3M}},
    title = {Fernandez García, Eusebio},
    organization = {{Universidad Carlos III de Madrid}},
    url = {https://aplicaciones.uc3m.es/briefCV/api/viewCV.do?idu=728&key=cdf92f2aa09f234e01893b7fda4e75aa},
    urldate = {2020-02-26}
}