@article{art:fuller,
    author = {David Kennedy},
    title = {Lon L. Fuller y el canon del pensamiento jurídico estadounidense},
    journaltitle = {Revista Internacional de Pensamiento Político},
    year = 2008,
    volume = 3,
    series = {I Época},
    pages = {165--180},
    shorttitle = {Lon L. Fuller},
    translator = {{de la Rasilla del Moral}, Ignacio},
    issn = {1885-589X},
    annote = {./1.4.Metodologia/0.Material/Lon Fuller.pdf}
}

@article{art:ferrajoli,
    author = {{Moreno Cruz}, Rodolfo},
    title = {El modelo garantista de Luigi Ferrajoli},
    subtitle = {Lineamientos generales},
    journaltitle = {Boletín Mexicano de Derecho Comparado},
    year = 2007,
    number = 120,
    series = {Nueva Serie, Año XL},
    pages = {825 -- 852},
    url = {https://revistas.juridicas.unam.mx/index.php/derecho-comparado/article/view/3936/4977},
    urldate = {2020-03-13},
    annote = {./1.4.Metodologia/0.Material/Ferrajoli.pdf}
}

@article{art:neonazis,
    author = {{García Olascoaga}, Omar},
    title = {Los partidos neonazis en Europa},
    subtitle = {¿Un legado olividado?},
    journaltitle = {Revista de Relaciones Internacionales de la UNAM},
    year = 2017,
    number = 128,
    issue = {mayo--agosto},
    pages = {73 -- 104},
}

@article{art:negacionistas,
    author = {Berel Lang},
    title = {Six questions on (or about) holocaust denial},
    journaltitle = {History and theory},
    year = 2010,
    month = 5,
    volume = 2,
    number = 2,
    publisher = {Wiley},
    pages = {157 -- 168},
    url = {https://www.jstor.org/stable/40864439},
    urldate = {2020-03-15}
}
