@Misc{data:seguridad,
    author = {{Secretariado Ejecutivo del Sistema Nacional de Seguridad Pública
                / Datos abiertos de incidencia delictiva}},
    shortauthor = {{Secretariado Ejecutivo}},
    title = {Cifras de Incidencia Delictiva Municipal, 2015 - enero 2020},
    shortitle = {Incidencia Delictiva},
    entrysubtype = {defined},
    url = {https://drive.google.com/file/d/14DaY2D0sYlqqgNfZucuJGm1gsJFkcvHQ/view},
    urldate = {2020-03-01}
}

@Misc{data:coneval,
    author = {{Consejo Nacional de Evaluación de la Política de Desarrollo
                Social / Indicadores de pobreza municipal 2010--2015}},
    shortauthor = {CONEVAL},
    title = {Indicadores de pobreza municipal, 2015},
    shortitle = {Indicadores de pobreza},
    entrysubtype = {defined},
    url = {https://datos.gob.mx/busca/dataset/indicadores-de-pobreza-municipal-2010--2015/resource/519ecddc-acf5-444a-9c2c-bf9bcc21e78f},
    urldate = {2020-03-01}
}
