@legislation{constitucion,
    title = {Constitución Política de los Estados Unidos Mexicanos},
    shortitle = {CPEUM},
    journaltitle = {Diario Oficial de la Federación},
    shortjounal = {DOF},
    date = 1917,
    entrysubtype = {constitution}
}

@legislation{LFTR,
    title = {Ley Federal de Telecomunicaciones y Radiodifusión},
    shortitle = {LFTR},
    journaltitle = {Diario Oficial de la Federación},
    shortjounal = {DOF},
    date = {2014-07-14}
}

@legal{legal:antidumping190401,
    title = {Decisión del panel binacional y Voto particular sobre la resolución
    final de la investigación antidumping sobre las importaciones de tubería de
    acero al carbono con costura longitudinal recta, mercancía actualmente
    clasificada en las fracciones arancelarias 7305.11.01 y 7305.12.01 de la
    Tarifa de la Ley de los Impuestos Generales de Importación y de Exportación,
    originarias de los Estados Unidos de América, independientemente del país
    de procedencia},
    shortitle = {Importaciones de tubería},
    titleaddon = {Expediente MEX-USA-2005-1904-01},
    journaltitle = {Diario Oficial de la Federación},
    shortjounal = {DOF},
    date = {2008-03-31},
    note = {Francisco José Contreras Vaca (panelista presidente)}
}

@legislation{guia:intercambioinfo,
    title = {Guía-007/2015. Guía para el intercambio de información entre agentes económicos},
    titleaddon = {Acuerdo CFCE-342-2015},
    author = {Comisión Federal de Competencia Económica},
    date = 2015-12-10,
    location = {México},
    url = {https://www.cofece.mx/wp-content/uploads/2017/12/guia-007-2015_-guia_intercambio_info_agentes_eco.pdf},
    urldate = 2015-03-16
}

@legal{decreto:inacipe,
    title = {Resolución conjunta por la que la Procuraduría General de la
             República y el Consejo Nacional de Ciencia y Tecnología reconocen
             al Instituto Nacional de Ciencias Penales, como Centro Público de
             Investigación},
    journaltitle = {Diario Oficial de la Federación},
    shortjounal = {DOF},
    date = {2012-06-25}
}

@legal{decreto:covid1,
    title = {ACUERDO por el que se declara como emergencia sanitaria por causa
            de fuerza mayor, a la epidemia de enfermedad generada por el virus
            SARS-CoV2 (COVID-19)},
    journaltitle = {Diario Oficial de la Federación},
    shortjounal = {DOF},
    date = {2020-03-30}
}

@legal{decreto:covid2,
    title = {ACUERDO por el que se establecen acciones extraordinarias para
            atender la emergencia sanitaria generada por el virus SARS-CoV2},
    journaltitle = {Diario Oficial de la Federación},
    shortjounal = {DOF},
    date = {2020-03-31}
}

@legal{decreto:covid3,
    title = {ACUERDO por el que se modifica el similar por el que se establecen
    acciones extraordinarias para atender la emergencia sanitaria generada por
    el virus SARS-CoV2, publicado el 31 de marzo de 2020},
    journaltitle = {Diario Oficial de la Federación},
    shortjounal = {DOF},
    date = {2020-04-21}
}

@legal{decreto:covid4,
    title = {DECRETO por el que se establecen las medidas de austeridad que
    deberán observar las dependencias y entidades de la Administración
    Pública Federal bajo los criterios que en el mismo se indican},
    journaltitle = {Diario Oficial de la Federación},
    shortjounal = {DOF},
    date = {2020-04-23}
}
