@book{lib:bernal,
    title = {Historia del derecho},
    author = {{Bernal Gómez}, Beatriz},
    year = 2010,
    publisher = {Nostra Ediciones and Universidad Nacional Autónoma de México},
    series = {Cultura Jurídica},
    location = {México},
    edition = 1,
    editor = {Instituto de Investigaciones Jurídicas},
    isbn = {978-607-7603-54-2},
    annote = {./1.2.Historia/0.Material/Beatriz-Bernal-Gomez-Historia-Del-Derecho.pdf}
}

@book{lib:cavernas,
    title = {El caso de los exploradores de las cavernas},
    shorttitle = {Los exploradores},
    author = {Lon L. Fuller},
    year = 2002,
    translator = {Genaro R. Carrió and Leopoldo J. Niilus},
    publisher = {Lexis Nexis},
    editor = {Abeledo-Perrot},
    location = {Argentina},
    ibsn = {950-20-1447-2},
    annote = {./1.4.Metodologia/0.Material/El caso de los exploradores de las cavernas.pdf}
}

@book{lib:estuconst,
    title = {Estudios sobre constitución y derechos fundamentales},
    shorttitle = {Constitución y derechos fundamentales},
    author = {Paolo Comanducci},
    year = 2016,
    publisher = {Instituto de Estudios Constitucionales del Estado de Querétaro},
    series = {Colección Constitución y Derechos},
    ibsn = {978-607-7822-29-5},
}

@book{lib:hernandez,
    title = {Sociología general y jurídica},
    shorttitle = {Sociología},
    author = {{Hernández Franco}, {Juan Abelardo} and
              {Lozano Díez}, {José Antonio}},
    year = 2018,
    origdate = 2011,
    note = {cuarta reimpresión, versión de Kindle},
    publisher = {Oxford University Press},
    series = {Colección Textos Jurídicos Universitarios},
    ibsn = {978-151-293-358-1},
}

@mvbook{lib:histddff,
    title = {Historia de los derechos fundamentales},
    date = {1998--2013},
    editor = {Dykinson},
    namea = {{Ansuátegui Roig}, F. J. and {Rodríguez Uribes}, J. M. and {Peces-Barba Martínez}, G. and {Fernández García}, E.},
    nameatype = {coord},
    volumes = 4,
    location = {España},
    isbn = {84-8155-404-9}
}

@book{lib:ddff_transmod,
    title = {Tránsito a la modernidad},
    subtitle = {Siglos XVI y XVII},
    year = 1998,
    volume = 1,
    crossref = {lib:histddff}
}

@inbook{lib:iusrac,
    title = {El iusnaturalismo racionalista hasta finales del siglo XVII},
    shorttitle = {Iusnaturalismo racionalista},
    chapter = 7,
    author = {{Fernández García}, E.},
    crossref = {lib:ddff_transmod}
}

@book{lib:coddeon,
    title = {Lineamientos para un código deontológico de la abogacía mexicana},
    shorttitle = {Lineamientos deontológicos},
    author = {{Cruz Barney}, Oscar and {Ibáñez Mariel}, Felipe and
              {Lozano Díez}, {José Antonio} and {Reséndiz Núñez}, Cuauhtémoc},
    namea = {American Bar Association Rule of Law Initiative - México},
    nameatype = {coordinador},
    publisher = {Instituto de Investigaciones Jurídicas},
    date = 2013-05-16,
    series = {Estudios Jurídicos},
    number = 222
}

@book{lib:tesis,
    title = {Cómo hacer una tesis},
    author = {{Caballero González}, {Edgar S.}},
    publisher = {Centro de Estudios Jurídicos Carbonell},
    year = 2019,
    series = {Biblioteca práctica del abogado},
    number = 13,
    isbn = 978-607-8493-38-8
}

@book{lib:iva,
  title = {Impuesto al Valor Agregado},
  author = {{Córdova Farciert}, Pedro},
  isbn = {9786078552276},
  year = {2017},
  publisher = {Instituto Mexicano de Contadores P{\'u}blicos}
}

@book{lib:12juicios,
    title = {Doce juicios que cambiaron la historia},
    shorttitle = {12 juicios},
    namea = {INACIPE},
    nameatype = {coordinador},
    publisher = {Editorial Ubijus},
    year = 2016,
    month = 5,
    isbn = 978-607-8447-27-5
}

@book{lib:argumentacion,
    title = {Las claves de la argumentación},
    shorttitle = {Argumentación},
    author = {Anthony Weston},
    year = 2006,
    month = 2,
    translator = {Jorge E. Malem and {Ribera de Madariaga}, Blanca},
    publisher = {Ariel},
    editor = {Eulama Literary Agency},
    location = {España},
    ibsn = {84-344-4479-8}
}

@book{lib:mankiw,
    title = {Macroeconomics},
    author = {Mankiw, {N. Gregory}},
    year = 2013,
    edition = 8,
    publisher = {Worth Publishers},
    editor = {Harvard University},
    location = {Estados Unidos de América},
    ibsn = {978-1-4292-4002-4}
}

@book{lib:introduccion,
    title = {Introducción al estudio del derecho},
    shorttitle = {Introducción},
    author = {{García Máynez}, {Eduardo}},
    edition = 65,
    year = 2013,
    origdate = 1940,
    note = {primera reimpresión, versión de Kindle},
    publisher = {Editorial Porrúa},
    ibsn = {978-607-09-1345-7},
}

@book{lib:introduccion2,
    title = {Introducción al estudio del derecho},
    shorttitle = {Introducción},
    author = {{Cárdenas García}, Jaime},
    publisher = {{Instituto de Investigaciones Jurídicas} and {Nostra Ediciones}},
    year = 2009,
    series = {Cultura Jurídica},
    number = 222,
	isbn = 978-607-7603-25-2
}

@book{lib:kahneman,
    title = {Pensar rápido, pensar despacio},
    author = {Daniel Kahneman},
    year = 2016,
    origdate = 2013,
    note = {cuarta reimpresión},
    publisher = {Penguin Random House},
    series = {Debols!llo},
    ibsn = {978-607-312-286-3},
    translator = {Joaquín Chamorro Mielke},
}

@book{lib:vacas,
    title = {Vacas, cerdos, guerras y brujas},
    author = {Marvin Harris},
    year = 2019,
    origdate = 1975,
    note = {versión digital},
    publisher = {epublibre},
    url = {https://telegra.ph/Vacas-cerdos-guerras-y-brujas-04-28-20},
    urldate = {2020-05-02}
}

@book{lib:kuhn,
    title = {La estructura de las revoluciones científicas},
    author = {Thomas S. Kuhn},
    year = 2001,
    origdate = 1962,
    note = {octava reimpresión},
    publisher = {Fondo de Cultura Económica},
    translator = {Agustín Contin}
}

@book{lib:econ,
    title = {La economía},
    author = {{The Core Team}},
    note = {versión 1.9.0},
    url = {https://www.core-econ.org/the-economy/book/es/text/0-3-contents.html},
    urldate = {2020-05-02}
}

@book{lib:sapiens,
    title = {Sapiens},
    subtitle = {A brief history of humankind},
    author = {Yuval Noah Harari},
    publisher = {Penguin Random House},
    date = {2014},
    url = {https://archive.org/details/epdf.pub_sapiens-a-brief-history-of-humankind/},
    urldate = {2020-05-02},
    isbn = {978-0-7710-3850-1}
}

@book{lib:teodel,
    title = {Teoría del delito en el Código Nacional de Procedimientos Penales},
    shorttitle = {Delito en el CNPP},
    author = {{Quintino Cepeda}, Rubén},
    series = {Colección Investigación},
    number = 28,
    edition = 2,
    year = 2019,
    note = {versión de Kindle},
    publisher = {Instituto Nacional de Ciencias Penales},
    ibsn = {978-607-560-009-3},
}

@book{lib:calcpen,
    title = {Un penalista que calculaba},
    subtitle = {Para una política criminal niveladora},
    author = {{Quintino Cepeda}, Rubén},
    series = {Colección Calculo Legal},
    number = 1,
    year = 2019,
    publisher = {Aditorial ArqQuinza},
    ibsn = {978-607-97664-2-9},
}

@book{lib:sentencias,
    title = {Diez sentencias emblemáticas de la Suprema Corte},
    year = {2019},
    namea = {{Salazar Ugarte}, Pedro and {Niembro Ortega}, Roberto and
        {Alonso Beltrán}, {Carlos Ernesto}},
    nameatype = {coords},
    location = {México},
    editor = {Instituto de Investigaciones Jurídicas},
    series = {Doctrina Jurídica},
    number = 858,
    isbn = {978-607-30-1694-0}
}

@inbook{lib:marihuana,
    title = {Contribuciones de la Suprema Corte a la deliberación democrática},
    subtitle = {El caso Marihuana},
    author = {{Niembro Ortega}, Roberto},
    pages = 193--214,
    crossref = {lib:sentencias}
}
