
@InReference{ency:britannica,
  title = 	 {Encyclopaedia Britannica},
  keywords = {original},
  url = 	 {https://www.britannica.com/}
}

@InReference{ency:lawphilosophy,
    title = {Encyclopedia of the Philosophy of Law and Social Philosophy},
    titleaddon = {Living edition},
    year = 2020,
    namec = {Mortimer Sellers and Stephan Kirste},
    publisher = {Springer},
    isbn = {978-94-007-6730-0}
}

@InReference{dic:jurmex,
    title = {Diccionario jurídico mexicano},
    editor = {Instituto de Investigaciones Jurídicas},
    year = 1982,
    namec = {Jorge Carpizo and Jorge Adame Goddard and Jorge Barrera Graf and
            Héxtor Fix-Zamudio and Gerardo Gil Valdivia and Eugenio Hurtado
            Márquez and Jorge Madrazo and José Othón Ramírez Gutiérrez and
            José Barragán Barragán and Alicia Elena Pérez Duarte and {Jorge A.}
            {Sánchez-Cordero Dávila} and Marcos Kaplan and Claude Belair M. and
            Ricardo Méndez Silva and Alberto Székely and Sergio García Ramírez
            and Gustavo Malo Camacho and Santiago {Barajas Montes de Oca} and
            {Ma. del Refugio} González and Ignacio Carrillo Prieto},
    series = {Serie E: Varios},
    number = 18,
    publisher = {Universidad Nacional Autónoma de México},
    volumes = 8,
    location = {México}
}

@InReference{ency:uncertainty,
    lista = {Uncertainty principle},
    crossref = {ency:britannica},
    urldate = {2020-02-26}
}

@InReference{ency:quantcom,
    lista = {Quantum computer},
    crossref = {ency:britannica},
    author = {William Coffeen Holton},
    urldate = {2020-02-26}
}

@Misc{cv:efg,
    author = {{FECYT}},
    title = {Eusebio Fernández García},
    note = {Currículum Vítae Normalizado},
    url = {http://www.derechoyjusticia.net/wp-content/uploads/2019/12/CV-Eusebio_4-12-2019.pdf},
    date = {2019-12-04},
    urldate = {2020-02-26}
}

@InReference{dic:mayorazgo,
    lista = {Mayorazgo},
    crossref = {dic:jurmex},
    author = {{José Luis} {Soberanes Fernández}},
    volume = 6
}

@Review{ent:histder,
    journaltitle = {Miguel Carbonell},
    usera = 	 {Youtube},
    entrysubtype = {magazine},
    date = 	 {2011-06-10},
    author = 	 {Oscar Cruz Barney},
    subtitle = 	 {entrevista por Miguel Carbonell},
    shorttitle = {entrevista},
    url = {https://youtu.be/VEszgFEVwR0},
    urldate = {2020-02-27}
}

@Misc{otro:huiloapan,
    author = {{Instituto Nacional de Estadística y Geografía}},
    shortauthor = {INEGI},
    title = {Compendio de información geográfica municipal 2010},
    subtitle = {Huiloapan de Cuauthémoc, Veracruz de Ignacio de la Llave},
    note = {requiere la búsqueda del municipio},
    url = {http://geoweb2.inegi.org.mx/compendiosmun/},
    urldate = {2020-03-01}
}

@InReference{ency:kelsen,
    lista = {{Causality and Imputation (Kelsen)}},
    author = {Monika Zalewska},
    crossref = {ency:lawphilosophy},
    doi = {https://doi.org/10.1007/978-94-007-6730-0_220-1},
    urldate = {2020-03-12}
}

@InReference{ency:raz,
    lista = {Raz, Joseph},
    author = {Michael Giudice},
    crossref = {ency:lawphilosophy},
    doi = {https://doi.org/10.1007/978-94-007-6730-0_23-1},
    urldate = {2020-03-12}
}

@InReference{ency:hart,
    lista = {Hart, H.L.A.},
    author = {Brian H. Bix},
    crossref = {ency:lawphilosophy},
    doi = {https://doi.org/10.1007/978-94-007-6730-0_117-2},
    urldate = {2020-03-12}
}

@InReference{ency:aquino,
    lista = {Aquinas (On Natural Law)},
    author = {Francesco Viola},
    crossref = {ency:lawphilosophy},
    doi = {https://doi.org/10.1007/978-94-007-6730-0_364-1},
    urldate = {2020-03-13}
}

@InReference{ency:escandinavia,
    lista = {Scandinavian Realism},
    author = {Jes Bjarup},
    crossref = {ency:lawphilosophy},
    doi = {https://doi.org/10.1007/978-94-007-6730-0_28-1},
    urldate = {2020-03-13}
}

@InReference{ency:dworkin,
    lista = {Ronald Dworkin’s Legal Philosophy},
    author = {Anthony R. Reeves},
    crossref = {ency:lawphilosophy},
    doi = {https://doi.org/10.1007/978-94-007-6730-0_2-1},
    urldate = {2020-03-13}
}
