@Article{prensa:escamilla,
    author = {{BBC News}},
    title = {Feminicidio de Ingrid Escamilla: la indignación en México por el
            brutal asesinato de la joven y la difusión de las fotos de su
            cadáver},
    shorttitle = {Feminicidio de Ingrid},
    journaltitle = {BBC News Mundo},
    date = {2020-02-11},
    url = {https://www.bbc.com/mundo/noticias-america-latina-51469528},
    urldate = {2020-02-24},
    entrysubtype = {magazine}
}

@Online{prensa:etica,
    author = {{Ethical Journalism Network}},
    shortauthor = {{ETJ}},
    title = {The 5 principles of ethical journalism},
    organization = {{Ethical Journalism Network}},
    url = {https://ethicaljournalismnetwork.org/who-we-are/5-principles-of-journalism},
    urldate = {2020-02-24},
    shorttitle = {Periodismo ético}
}

@Online{prensa:efg,
    author = {{Universidad Carlos III de Madrid}},
    shortauthor = {{UC3M}},
    title = {Fernandez García, Eusebio},
    organization = {{Universidad Carlos III de Madrid}},
    url = {https://aplicaciones.uc3m.es/briefCV/api/viewCV.do?idu=728&key=cdf92f2aa09f234e01893b7fda4e75aa},
    urldate = {2020-02-26}
}

@Article{prensa:feminicidionatali1,
    author = {{Diario del Istmo}},
    title = {Ejecutan a mujer al interior de su domicilio en Huiloapan},
    shorttitle = {Ejecución en Huiloapan},
    journaltitle = {Diario del Istmo},
    date = {2019-05-18},
    url = {https://diariodelistmo.com/policiaca/ejecutan-a-mujer-al-interior-de-su-domicilio-en-huiloapan/459734},
    urldate = {2020-03-01},
    entrysubtype = {magazine}
}

@Article{prensa:feminicidionatali2,
    author = {{El vigilante veracruzano}},
    title = {Asesinan en Huiloapan a empleada de gasolinera; siguen feminicidios},
    shorttitle = {Siguen feminicidios},
    journaltitle = {El vigilante veracruzano},
    date = {2019-05-18},
    url = {https://diariodelistmo.com/policiaca/ejecutan-a-mujer-al-interior-de-su-domicilio-en-huiloapan/459734},
    urldate = {2020-03-01},
    entrysubtype = {magazine}
}

@Article{prensa:paromujeres,
    author = {{Notimex}},
    title = {\#UnDíaSinNosotras se reflejó en 30,000 millones de pesos},
    shorttitle = {\#UnDíaSinNosotras},
    journaltitle = {Forbes México},
    date = {2020-03-10},
    url = {https://www.forbes.com.mx/30000-mdp-razones-no-undiasinnosotras/?fbclid=IwAR1fpwstDm3dXFxhiv1ZGLBGZ4IiFF1qEo1rzCgZQc6Y9FShl_5xEe1p_9U},
    urldate = {2020-03-16},
    entrysubtype = {magazine}
}

@Article{prensa:pringral,
    author = {Sergio Esquerra},
    title = {Principios generales de derecho},
    shorttitle = {Principios},
    journaltitle = {El mundo del abogado},
    date = {2016-02-16},
    note = {Disponible en vLex},
    urldate = {2020-03-21},
    entrysubtype = {magazine}
}

@Article{prensa:tainos,
    author = {Robert M. Poole},
    title = {What became of the Taíno?},
    journaltitle = {Smithsonian Magazine},
    month = {11},
    year = {2011},
    url = {https://www.smithsonianmag.com/travel/what-became-of-the-taino-73824867/},
    urldate = {2020-04-11},
    entrysubtype = {magazine}
}

@Article{prensa:empleos_covid,
    author = {{Villa y Caña}, Pedro and Morales, Alberto},
    title = {Por Covid-19, se han perdido más de 346 mil puestos de trabajo: STPS},
    journaltitle = {El Universal},
    year = {2020-04-08},
    url = {https://www.eluniversal.com.mx/nacion/por-covid-19-se-han-perdido-346-mil-puestos-de-trabajo-stps},
    urldate = {2020-04-19},
    entrysubtype = {magazine}
}

@Article{prensa:levy_covid,
    author = {Santiago Levy},
    title = {Superemos juntos la emergencia},
    journaltitle = {Nexos},
    date = {2020-03-25},
    url = {https://www.nexos.com.mx/?p=47405},
    urldate = {2020-04-19},
    entrysubtype = {magazine}
}

@Video{prensa:covid20200330,
  title = 	 {Informe diario por coronavirus},
  entrysubtype = {tv},
  origdate = 	 2019-03-30,
  publisher = {Milenio},
  type = 	 {disponible en Youtube},
  url = {https://www.youtube.com/watch?v=cYkYk0HsVEc},
  urldate = {2020-04-19}
}
