@book{beatriz,
    author = {{Bernal G\'omez}, Beatriz},
    title = {Historia del derecho},
    year = {2010},
    publisher = {{Nostra Ediciones} and {Universidad Nacional Aut\'onoma de M\'exico}},
    series = {{Cultura Jur\'idica}},
    edition = {{Primera edici\'on}},
    editor = {{Instituto de Investigaciones Jur\'idicas}},
    isbn = {978-607-7603-54-2},
    pages = {215}
}

@misc{histdh,
    author = {{United for Human Rights}},
    title = {Qu\'e son los derechos humanos?},
    year = {2020},
    url = {https://www.unidosporlosderechoshumanos.mx/what-are-human-rights/}
}

@misc{noti_mexicanos,
    author = {Linares, {Jos\'e Ra\'ul}},
    title = {Corte invalida `antecedentes no penales' y `ser mexicano' para ocupar cargos},
    publisher = {Revista Proceso},
    year = {2020},
    month = {01},
    day = {27},
    url = {https://www.proceso.com.mx/615875/corte-invalida-antecedentes-no-penales-y-ser-mexicano-para-ocupar-cargos}
}

@misc{psicologos,
    title = {Los psic\'ologos que vendieron a la CIA t\'ecnicas de tortura por US\$80 millones},
    author = {Lioman Lima},
    year = {2020},
    month = {01},
    day = {23},
    publisher = {{BBC News Mundo}},
    url = {https://www.bbc.com/mundo/noticias-internacional-51215124}
}

@legislation{universal,
    author = {{Asamblea General de la ONU}},
    title = {Declaraci\'on universal de los derechos humanos},
    year = {1945},
    month = {10},
    day = {24},
    url = {https://www.un.org/es/universal-declaration-human-rights/}
}
